@book{hottbook,
  author = {{The Univalent Foundations Program}},
  title = {{Homotopy Type Theory: Univalent Foundations of Mathematics}},
  url = {http://homotopytypetheory.org/book/},
  address = {Institute for Advanced Study},
  year = {2013},
  shorthand = {HoTT Book},
}

@thesis{streicher1993investigations,
  institution = {Ludwig-Maximilians-Universit{\"a}t M{\"u}nchen},
  type = {Habilitation},
  url = {https://www2.mathematik.tu-darmstadt.de/~streicher/HabilStreicher.pdf},
  year = {1993},
  title = {Investigations into Intensional Type Theory},
  author = {Streicher, Thomas},
}
